<?xml version="1.0" encoding="UTF-8"?><collection xmlns="http://www.loc.gov/MARC21/slim"><record><leader>00482nam--2200181-i-4500</leader><controlfield tag="001">000032232</controlfield><controlfield tag="002">20161230</controlfield><controlfield tag="005">20161230201039</controlfield><controlfield tag="008">060222s1000------------r-----000-0-eng-d</controlfield><datafield ind1=" " ind2=" " tag="040"><subfield code="a">IFIN-HH</subfield></datafield><datafield ind1=" " ind2=" " tag="080"><subfield code="a">535</subfield></datafield><datafield ind1="1" ind2=" " tag="100"><subfield code="a">Marcuse, Dietrich</subfield></datafield><datafield ind1="1" ind2="0" tag="245"><subfield code="a">Light transmission optics</subfield><subfield code="c">Dietrich marcuse</subfield></datafield><datafield ind1=" " ind2=" " tag="260"><subfield code="a">MELBOURNE</subfield><subfield code="b">Van Nostrand Reinhold Company</subfield><subfield code="c">1972</subfield></datafield><datafield ind1=" " ind2=" " tag="300"><subfield code="a">XI + 444P</subfield></datafield><datafield ind1=" " ind2=" " tag="490"><subfield code="a">Bell Laboratories Series</subfield></datafield><datafield ind1=" " ind2=" " tag="852"><subfield code="a">41407</subfield><subfield code="c">535</subfield></datafield><datafield ind1=" " ind2=" " tag="CAT"><subfield code="a">Sys</subfield><subfield code="c">20101104</subfield><subfield code="h">112841</subfield></datafield></record></collection>